 @ARTICLE{jj2,
  author = {Andreas Junghanns and Jonathan Schaeffer},
  title = {Sokoban: Enhancing general single-agent search methods using domain knowledge},
  journal = {Artificial Intelligence},
  year = {2001},
  volume = {129},
  pages = {219-251}
 }
