@article{einhorn2003american,
  title={American College of Endocrinology position statement on the insulin resistance syndrome},
  author={Einhorn, MD, FACP, FACE, Daniel},
  journal={Endocrine practice},
  volume={9},
  number={Supplement 2},
  pages={5--21},
  year={2003},
  publisher={American Association of Clinical Endocrinologists}
}